@article{bushdid_humans_2014,
	title = {Humans can discriminate more than 1 trillion olfactory stimuli},
	volume = {343},
	issn = {1095-9203},
	doi = {10.1126/science.1249168},
	language = {eng},
	number = {6177},
	journal = {Science (New York, N.Y.)},
	author = {Bushdid, C. and Magnasco, M. O. and Vosshall, L. B. and Keller, A.},
	month = mar,
	year = {2014},
	pmid = {24653035},
	keywords = {Adolescent, Adult, Female, Humans, Male, Middle Aged, Odors, Olfactory Perception, Smell, Young Adult},
	pages = {1370--1372}
}

@article{meister_can_2014,
  title={Can Humans Really Discriminate 1 Trillion Odors?},
  author={Meister, Markus},
  journal={arXiv preprint arXiv:1411.0165},
  year={2014}
}

@article{weiss_perceptual_2012,
	title = {Perceptual convergence of multi-component mixtures in olfaction implies an olfactory white},
	issn = {0027-8424, 1091-6490},
	url = {http://www.pnas.org/content/early/2012/11/15/1208110109},
	doi = {10.1073/pnas.1208110109},
	language = {en},
	urldate = {2012-11-20},
	journal = {Proceedings of the National Academy of Sciences},
	author = {Weiss, Tali and Snitz, Kobi and Yablonka, Adi and Khan, Rehan M. and Gafsou, Danyel and Schneidman, Elad and Sobel, Noam},
	month = nov,
	year = {2012},
	keywords = {odor, sensory perception, Smell},
	file = {Snapshot:/Users/rgerkin/Library/Application Support/Zotero/Profiles/t4n3d73c.default/zotero/storage/4WJHJ6KS/Weiss et al. - 2012 - Perceptual convergence of multi-component mixtures.html:text/html}
}

@article{benjamini_controlling_2009,
	title = {Controlling the False Discovery Rate : A Practical and Powerful Approach to Multiple Testing Author ( s ): Yoav Benjamini and Yosef Hochberg Source : Journal of the Royal Statistical Society . Series B ( Methodological ), Vol . 57 , No . 1 Published by},
	volume = {57},
	shorttitle = {Controlling the False Discovery Rate},
	doi = {10.2307/2346101},
	number = {1},
	journal = {Society},
	author = {Benjamini, Yoav and Hochberg, Yosef},
	year = {2009},
	pages = {289--300}
}

% 21954378 
@article{koulakov_in_search_2011,
   Author="Koulakov, A. A.  and Kolterman, B. E.  and Enikolopov, A. G.  and Rinberg, D. ",
   Title="{{I}n search of the structure of human olfactory space}",
   Journal="Front Syst Neurosci",
   Year="2011",
   Volume="5",
   Pages="65"
}

% 24058466 
@article{castro_categorical_2013,
   Author="Castro, J. B.  and Ramanathan, A.  and Chennubhotla, C. S. ",
   Title="{{C}ategorical dimensions of human odor descriptor space revealed by non-negative matrix factorization}",
   Journal="PLoS ONE",
   Year="2013",
   Volume="8",
   Number="9",
   Pages="e73289"
}

@article{mamlouk_quantifying_2003,
  title={Quantifying olfactory perception: mapping olfactory perception space by using multidimensional scaling and self-organizing maps},
  author={Mamlouk, Amir Madany and Chee-Ruiter, Christine and Hofmann, Ulrich G and Bower, James M},
  journal={Neurocomputing},
  volume={52},
  pages={591--597},
  year={2003},
  publisher={Elsevier}
}

% 16855062 
@article{zarzo_identification_2006,
   Author="Zarzo, M.  and Stanton, D. T. ",
   Title="{{I}dentification of latent variables in a semantic odor profile database using principal component analysis}",
   Journal="Chem. Senses",
   Year="2006",
   Volume="31",
   Number="8",
   Pages="713--724",
   Month="Oct"
}

% 17855616 
@Article{khan_predicting_2007,
   Author="Khan, R. M.  and Luk, C. H.  and Flinker, A.  and Aggarwal, A.  and Lapid, H.  and Haddad, R.  and Sobel, N. ",
   Title="{{P}redicting odor pleasantness from odorant structure: pleasantness as a reflection of the physical world}",
   Journal="J. Neurosci.",
   Year="2007",
   Volume="27",
   Number="37",
   Pages="10015--10023",
   Month="Sep"
}
